@book{2007qucosc.book,
 author = {N. David Mermin},
 title = {Quantum Computer Science: An Introduction},
 year = {2007},
 isbn = {0521876583},
 publisher = {Cambridge University Press},
 address = {New York, NY, USA},
 }

@article{springerlink:10.1007/BF01327019,
   author = {Renninger, M.},
   affiliation = {Kristallographischen Institut der Universität Marburg/Lahn Deutschland},
   title = {Messungen ohne Störung des Meßobjekts},
   journal = {Zeitschrift für Physik A Hadrons and Nuclei},
   publisher = {Springer Berlin / Heidelberg},
   issn = {0939-7922},
   keyword = {Physics and Astronomy},
   pages = {417-421},
   volume = {158},
   issue = {4},
   url = {http://dx.doi.org/10.1007/BF01327019},
   note = {10.1007/BF01327019},
   year = {1960}
}

@INPROCEEDINGS{watanabe2000,
   author = {{Watanabe}, H. and {Inoue}, S.},
    title = "{Experimental demonstration of two dimensional interaction free measurement}",
booktitle = {APPC 2000: Proceedings of the 8th Asia-Pacific Physics},
     year = 2000,
   editor = "{Yeong-Der Yao, Hai-Yang Cheng, Chia-Seng Chang \& Shang-Fan Lee}",
    pages = {148-150},
}

@article{deweerd:272,
author = {Alan J. DeWeerd},
collaboration = {},
title = {Interaction-free measurement},
publisher = {AAPT},
year = {2002},
journal = {American Journal of Physics},
volume = {70},
number = {3},
pages = {272-275},
keywords = {teaching; quantum theory; probability; wave functions},
url = {http://link.aip.org/link/?AJP/70/272/1},
doi = {10.1119/1.1445406}
}

@article{voorthuysen:1504,
author = {E. H. du Marchie van Voorthuysen},
collaboration = {},
title = {Realization of an interaction-free measurement of the presence of an object in a light beam},
publisher = {AAPT},
year = {1996},
journal = {American Journal of Physics},
volume = {64},
number = {12},
pages = {1504-1507},
keywords = {PHOTON BEAMS; MIRRORS; MACH--ZEHNDER INTERFEROMETER; QUANTUM MECHANICS; MEASURING INSTRUMENTS; LIGHT INTERFERENCE; DETECTORS},
url = {http://link.aip.org/link/?AJP/64/1504/1},
doi = {10.1119/1.18413}
}


@article{dicke:925,
author = {R. H. Dicke},
collaboration = {},
title = {Interaction-free quantum measurements: A paradox?},
publisher = {AAPT},
year = {1981},
journal = {American Journal of Physics},
volume = {49},
number = {10},
pages = {925-930},
keywords = {PARTICLES; COORDINATES; UNCERTAINTY PRINCIPLE; MICROSCOPES; MOMENTUM TRANSFER; PHOTONS; LIGHT SCATTERING},
url = {http://link.aip.org/link/?AJP/49/925/1},
doi = {10.1119/1.12592}
}


@Article{PhysRevLett.74.4763,
  title = {Interaction-Free Measurement},
  author = {Kwiat, Paul  and Weinfurter, Harald  and Herzog, Thomas  and Zeilinger, Anton  and Kasevich, Mark A.},
  journal = {Phys. Rev. Lett.},
  volume = {74},
  number = {24},
  pages = {4763--4766},
  numpages = {3},
  year = {1995},
  month = {Jun},
  doi = {10.1103/PhysRevLett.74.4763},
  publisher = {American Physical Society}
}

@ARTICLE{1993FoPh...23..987E,
   author = {{Elitzur}, A.~C. and {Vaidman}, L.},
    title = "{Quantum mechanical interaction-free measurements}",
  journal = {Foundations of Physics },
   eprint = {arXiv:hep-th/9305002},
     year = 1993,
    month = jul,
   volume = 23,
    pages = {987-997},
      doi = {10.1007/BF00736012},
   adsurl = {http://adsabs.harvard.edu/abs/1993FoPh...23..987E},
  adsnote = {Provided by the SAO/NASA Astrophysics Data System}
}

@ARTICLE{1998PhRvA..58..605W,
   author = {{White}, A.~G. and {Mitchell}, J.~R. and {Nairz}, O. and {Kwiat}, P.~G.
	},
    title = "{``Interaction-free'' imaging}",
  journal = {\pra},
   eprint = {arXiv:quant-ph/9803060},
 keywords = {Quantum description of interaction of light and matter; related experiments, Interference, Quantum information},
     year = 1998,
    month = jul,
   volume = 58,
    pages = {605-613},
      doi = {10.1103/PhysRevA.58.605},
   adsurl = {http://adsabs.harvard.edu/abs/1998PhRvA..58..605W},
  adsnote = {Provided by the SAO/NASA Astrophysics Data System}
}

@Article{PhysRevA.57.3987,
  title = {Efficient interaction-free measurements in a high-finesse interferometer},
  author = {Tsegaye, T.  and Goobar, E.  and Karlsson, A.  and Bj\"ork, G.  and Loh, M. Y. and Lim, K. H.},
  journal = {Phys. Rev. A},
  volume = {57},
  number = {5},
  pages = {3987--3990},
  numpages = {3},
  year = {1998},
  month = {May},
  doi = {10.1103/PhysRevA.57.3987},
  publisher = {American Physical Society}
}

@Article{PhysRevLett.80.1198,
  title = {``Interaction'' (Energy Exchange) Free and Quantum Nondemolition Measurements},
  author = {Karlsson, Anders  and Bj\"ork, Gunnar  and Forsberg, Erik },
  journal = {Phys. Rev. Lett.},
  volume = {80},
  number = {6},
  pages = {1198--1201},
  numpages = {3},
  year = {1998},
  month = {Feb},
  doi = {10.1103/PhysRevLett.80.1198},
  publisher = {American Physical Society}
}

@ARTICLE{1996PhLA..223..241P,
   author = {{Pavi{\v c}i{\'C}}, M.},
    title = "{Resonance energy-exchange-free detection and ``welcher Weg'' experiment}",
  journal = {Physics Letters A},
   eprint = {arXiv:quant-ph/9907040},
     year = 1996,
    month = feb,
   volume = 223,
    pages = {241-245},
      doi = {10.1016/S0375-9601(96)00751-7},
   adsurl = {http://adsabs.harvard.edu/abs/1996PhLA..223..241P},
  adsnote = {Provided by the SAO/NASA Astrophysics Data System}
}

@article{springerlink:10.1007/BF02302228,
   author = {Paul, Harry and Pavičić, Mladen},
   affiliation = {Humboldt University of Berlin Max-Planck-Arbeitsgruppe Nichtklassische Strahlung D-12484 Berlin Germany D-12484 Berlin Germany},
   title = {Resonance interaction-free measurement},
   journal = {International Journal of Theoretical Physics},
   publisher = {Springer Netherlands},
   issn = {0020-7748},
   keyword = {Physics and Astronomy},
   pages = {2085-2091},
   volume = {35},
   issue = {10},
   url = {http://dx.doi.org/10.1007/BF02302228},
   note = {10.1007/BF02302228},
   year = {1996}
}

@ARTICLE{2006JPhB...39.3177N,
   author = {{Namekata}, N. and {Inoue}, S.},
    title = "{High-efficiency interaction-free measurements using a stabilized Fabry P{\'e}rot cavity}",
  journal = {Journal of Physics B Atomic Molecular Physics},
     year = 2006,
    month = aug,
   volume = 39,
    pages = {3177-3183},
      doi = {10.1088/0953-4075/39/16/003},
   adsurl = {http://adsabs.harvard.edu/abs/2006JPhB...39.3177N},
  adsnote = {Provided by the SAO/NASA Astrophysics Data System}
}

@article{PhysRevA.80.040902,
  title = {Noninvasive electron microscopy with interaction-free quantum measurements},
  author = {Putnam, William P. and Yanik, Mehmet Fatih},
  journal = {Phys. Rev. A},
  volume = {80},
  issue = {4},
  pages = {040902},
  numpages = {4},
  year = {2009},
  month = {Oct},
  doi = {10.1103/PhysRevA.80.040902},
  url = {http://link.aps.org/doi/10.1103/PhysRevA.80.040902},
  publisher = {American Physical Society}
}

@article{PhysRevA.41.2295,
  title = {Quantum Zeno effect},
  author = {Itano, Wayne M. and Heinzen, D. J. and Bollinger, J. J. and Wineland, D. J.},
  journal = {Phys. Rev. A},
  volume = {41},
  issue = {5},
  pages = {2295--2300},
  year = {1990},
  month = {Mar},
  doi = {10.1103/PhysRevA.41.2295},
  url = {http://link.aps.org/doi/10.1103/PhysRevA.41.2295},
  publisher = {American Physical Society}
}

@book{orzel2009teach,
  title={How to Teach Physics to Your Dog},
  author={Orzel, C.},
  isbn={9781416572282},
  lccn={2009021073},
  url={http://books.google.ch/books?id=rXUoDykH3ZwC},
  year={2009},
  publisher={Scribner}
}

